<?xml version="1.0" encoding="UTF-8"?><record xmlns="http://www.loc.gov/MARC21/slim" xmlns:cinclude="http://apache.org/cocoon/include/1.0" xmlns:zs="http://www.loc.gov/zing/srw/">
  <leader>00451cz  a2200145n  4500</leader>
  <controlfield tag="001">n  82256771 </controlfield>
  <controlfield tag="003">DLC</controlfield>
  <controlfield tag="005">20081128075028.0</controlfield>
  <controlfield tag="008">840221n| acannaabn          |n aaa      </controlfield>
  <datafield tag="010" ind1=" " ind2=" ">
    <subfield code="a">n  82256771 </subfield>
  </datafield>
  <datafield tag="035" ind1=" " ind2=" ">
    <subfield code="a">(OCoLC)oca00894667</subfield>
  </datafield>
  <datafield tag="040" ind1=" " ind2=" ">
    <subfield code="a">DLC</subfield>
    <subfield code="b">eng</subfield>
    <subfield code="c">DLC</subfield>
    <subfield code="d">OCoLC</subfield>
  </datafield>
  <datafield tag="100" ind1="1" ind2=" ">
    <subfield code="a">Baumann, Hermann,</subfield>
    <subfield code="d">1902-1972</subfield>
  </datafield>
  <datafield tag="670" ind1=" " ind2=" ">
    <subfield code="a">Menschenbilder fruĚher Gesellschaften, c1983:</subfield>
    <subfield code="b">t.p. (Hermann Baumann)</subfield>
  </datafield>
  <datafield tag="670" ind1=" " ind2=" ">
    <subfield code="a">LC data base, 2/14/84</subfield>
    <subfield code="b">(Baumann, Hermann, 1902-1972)</subfield>
  </datafield>
</record>